%% This BibTeX bibliography file was created using BibDesk.
%% http://bibdesk.sourceforge.net/


%% Created for Christian Wang at 2015-11-16 22:22:01 -0500 


%% Saved with string encoding Unicode (UTF-8) 



@article{kinouchi08,
	Author = {Osame Kinouchi and Rosa W. Diez-Garcia and Adriano J. Holanda and Pedro Zambianchi and Antonio C. Roque},
	Date-Added = {2015-11-17 02:54:31 +0000},
	Date-Modified = {2015-11-17 02:56:27 +0000},
	Journal = {New Journal of Physics},
	Month = {July},
	Title = {The Nonequilibrium Nature of Culinary Evolution},
	Volume = {10},
	Year = {2008}}

@book{burdock09,
	Author = {George A. Burdock},
	Date-Added = {2015-11-17 02:52:10 +0000},
	Date-Modified = {2015-11-17 02:53:09 +0000},
	Edition = {Sixth Ed.},
	Month = {November},
	Publisher = {CRC Press},
	Title = {Fenaroli's Handbook of Flavor Ingredients},
	Year = {2009}}

@url{leffingwell00,
	Author = {Leffingwell and Associates},
	Date-Added = {2015-11-17 02:46:54 +0000},
	Date-Modified = {2015-11-17 03:00:45 +0000},
	Title = {VCF 2000 - Volatile Compounds in Food Database},
	Urldate = {http://www.leffingwell.com/bacis1.htm}}

@url{blumenthal02,
	Author = {Heston Blumenthal},
	Date-Added = {2015-11-17 02:44:41 +0000},
	Date-Modified = {2015-11-17 03:21:45 +0000},
	Title = {Weird but wonderful},
	Urldate = {http://www.theguardian.com/lifeandstyle/2002/may/04/foodanddrink.shopping}}

@inproceedings{teng12,
	Address = {New York, NY},
	Author = {Chun-Yuen Teng and Yu-Ru Lin and Lada A. Adamic},
	Booktitle = {Proceedings of the 4th Annual ACM Web Science Conference},
	Date-Added = {2015-11-17 02:27:10 +0000},
	Date-Modified = {2015-11-17 02:28:38 +0000},
	Pages = {298--307},
	Publisher = {ACM},
	Title = {Recipe recommendation using ingredient networks},
	Year = {2012}}

@article{ahn11,
	Author = {Yong-Yeol Ahn and Sebastian E. Ahnert and James P. Bagrow and Albert-Laszlo Barabasi},
	Date-Added = {2015-11-17 02:24:51 +0000},
	Date-Modified = {2015-11-17 02:26:38 +0000},
	Journal = {Scientific Reports},
	Month = {October},
	Title = {Flavor network and the principles of food pairing},
	Year = {2011}}

@mastersthesis{jagithyala14,
	Address = {Manhattan, Kansas},
	Author = {Anirudh Jagithyala},
	Date-Added = {2015-11-17 02:23:09 +0000},
	Date-Modified = {2015-11-17 02:24:19 +0000},
	School = {Kansas State University},
	Title = {Recommending Recipes Based On Ingredients and User Reviews},
	Year = {2014}}

@conference{yu13,
	Author = {Ning Yu and Desislava Zhekova and Can Liu and Sandra Kubler},
	Booktitle = {Workshop on Cooking with Computers (CWC)},
	Date-Added = {2015-11-17 02:19:54 +0000},
	Date-Modified = {2015-11-17 02:22:59 +0000},
	Organization = {International Joint Conference on Artificial Intelligence},
	Title = {Do Good Recipes Need Butter? Predicting User Ratings of Online Recipes},
	Year = {2013}}

@inproceedings{berkovsky10,
	Address = {New York, NY},
	Author = {Shlomo Berkovsky and Jill Freyne},
	Booktitle = {Proceedings of the fourth ACM conference on Recommender systems},
	Date-Added = {2015-11-17 02:17:00 +0000},
	Date-Modified = {2015-11-17 02:19:47 +0000},
	Pages = {111--118},
	Title = {Group-based recipe recommendations: analysis of data aggregation strategies},
	Year = {2010}}

@techreport{harvey13,
	Author = {Morgan Harvey and Bernd Ludwig and David Elsweiler},
	Date-Added = {2015-11-17 02:13:22 +0000},
	Date-Modified = {2015-11-17 02:16:15 +0000},
	Institution = {Faculty of Informatics, University of Lugano, Lugano, Switzerland and Inst. for Info. and Media, Lang. and Culture, University of Regensburg, Germany},
	Title = {You are what you eat: learning user tastes for rating prediction},
	Year = {2013}}

@inproceedings{liu14,
	Address = {Dublin, Ireland},
	Author = {C. Liu and C. Guo and D. Dakota and S. Rajagopalan and W. Li and S. Kubler and N. Yu},
	Booktitle = {Proceedings of the Second Workshop on Natural Language Processing for Social Media (SocialNLP)},
	Date-Added = {2015-11-17 02:10:56 +0000},
	Date-Modified = {2015-11-17 03:20:19 +0000},
	Month = {August},
	Pages = {12-21},
	Title = {"My Curiosity was Satisfied, but not in a Good Way'': Predicting User Ratings for Online Recipes},
	Year = {2014}}
